@online{report,
	author = "Werner Geyser",
	title = "The State of Influencer Marketing 2022: Benchmark Report",
	date = "2022",
	month = "March",
	day = "2",
	url = "https://influencermarketinghub.com/influencer-marketing-benchmark-report/",
	keywords = "report, influencer"}